@BOOK{Kelly1978,
  title = {Reversibility and Stochastic Networks},
  publisher = {John Wiley \& Sons},
  year = {1978},
  author = {Kelly, F.P.}
}
@BOOK{Felsenstein2004,
  title = {Inferring Phylogenies},
  publisher = {Sinauer Associates},
  year = {2004},
  author = {Felsenstein, J.}
}
@BOOK{Graur2000,
  title = {Fundamentals of Molecular Evolution},
  publisher = {Sinauer Associates},
  year = {2000},
  author = {Graur, D. and Li, W.-H.}
}
@BOOK{Thomas2004,
  title = {Statistical Methods in Genetic Epidemiology},
  publisher = {Oxford},
  year = {2004},
  author = {Thomas, D.C.}
}


@ARTICLE{Baccam2003,
  author = {Baccam, P. and Thompson, R.J. and Li, Y. and Sparks, W.O. and
	Belshan, M. and Dorman, K.S. and Wannemuehler, Y. and
	Oaks, J.L. and Cornette, J.L. and Carpenter, S.},
  title = {Subpopulations of Equine Infectious Anemia Virus Rev Coexist
	In Vivo and Differ in Phenotype},
  journal = {J Virol},
  year = {2003},
  volume = {77},
  pages = {12122-12131},
  number = {22},
  long_journal = {Journal of Virology}
}
@ARTICLE{Conrad2006,
  author = {Conrad, D.F. and Jakobsson, M. and Coop, G. and Wen, X. and
            Wall, J.D. and Rosenberg, N.A. and Pritchard, J.K.},
  title = {A Worldwide Survey of Haplotype Variation and Linkage
           Disequilibrium in the Human Genome},
  journal = {Nat Genet},
  year = {2006},
  volume = {38},
  number = {11},
  pages = {1251-1260},
  long_journal = {Nature Genetics}
}
@ARTICLE{Corander2003,
  author = {Corander, J. and Waldmann, P. and Sillanp{\"a\"a}, M.J.},
  title = {Bayesian Analysis of Genetic Differentiation between Populations},
  journal = {Genetics},
  year = {2003},
  volume = {163},
  pages = {367-374},
  long_journal = {Genetics}
}
@ARTICLE{Dempster1977,
  author = {Dempster, A. and Laird, N. and Rubin, D.},
  title = {Maximum Likelihood Estimation from Incomplete Data
           via the EM Algorithm},
  journal = {J R Stat Soc. B.},
  year = {1977},
  volume = {39},
  number = {3},
  pages = {1-38},
  long_journal = {Journal of the Royal Statistical Society Series B}
}
@ARTICLE{Hasegawa1985,
  author = {Hasegawa, M. and Kishino, H. and Yano, T.},
  title = {Dating of the Human-Ape Splitting by a Molecular Clock of Mitochondrial
	DNA},
  journal = {J Mol Evol},
  year = {1985},
  volume = {22},
  pages = {160-174},
  number = {2},
  long_journal = {Journal of Molecular Evolution}
}
@ARTICLE{Hubert1985,
  author = {Hubert, L. and Arabie, P.},
  title = {Comparing partitions},
  journal = {Journal of Classification},
  year = {1985},
  volume = {2},
  pages = {193-218}
}
@ARTICLE{Hugot2001,
  author = {Hugot, J.P. and Chamaillard, M. and Zouali, H. and Lesage, S. and
	Cezard, J.P. and Belaiche, J. and Almer, S. and Tysk, C. and
	O'Morain, C.A. and Gassull, M. and Binder, V. and Finkel, Y. and
	Cortot, A. and Modigliani, R. and Laurent-Puig, P. and
	Gower-Rousseau, C. and Macry, J and Colombel, J.F. and
	Sahbatou, M. and Thomas, G.},
  title = {Association of NOD2 Leucine-Rich Repeat Variants with
	Susceptibility to Crohn's Disease},
  journal = {Nature},
  year = {2001},
  volume = {411},
  page = {599-603},
  long_journal = {Nature}
}
@ARTICLE{Hudson2002,
  author = {Hudson, R.R.},
  title = {Generating Samples under a Wright-Fisher Neutral Model of Genetic
	Variation},
  journal = {Bioinformatics},
  year = {2002},
  volume = {18},
  pages = {337-338},
  long_journal = {Bioinformatics}
}
@INCOLLECTION{Jukes1969,
  author = {Jukes, T. H. and Cantor, C. R.},
  title = {Evolution of Protein Molecules},
  booktitle = {Mammalian Protein Metabolism},
  publisher = {Academic Press},
  year = {1969},
  editor = {Munro, H N and Allison, J B},
  volume = {3},
  pages = {21-132},
  address = {New York}
}
@ARTICLE{Kimura1980,
  author = {Kimura, M.},
  title = {A Simple Method for Estimating Evolutionary Rates of Base Substitutions
	through Comparative Studies of Nucleotide Sequences},
  journal = {J Mol Evol},
  year = {1980},
  volume = {16},
  pages = {111-120},
  long_journal = {Journal of Molecular Evolution}
}
@UNPUBLISHED{Maitra2010,
  author = {Maitra, R. and Melnykov, V.},
  title = {Simulating Data to Study Performance of Finite Mixture Modeling and Clustering Algorithms},
  journal = {J Comput Graph Stat},
  year = {2010},
  note = {Accepted},
  long_journal = {Journal of Computational and Graphical Statistics },
}
@ARTICLE{Paradis2004,
  author = {Paradis, E. and Claude, J. and Strimmer, K.},
  title = {APE: analyses of phylogenetics and evolution in {R} language},
  journal = {Bioinformatics},
  year = {2004},
  volume = {20},
  pages = {289-290},
  long_journal = {Bioinformatics},
}
@ARTICLE{Pemberton2008,
  author = {Pemberton, T.J. and Jakobsson, M. and Conrad, D.F. and
            Coop, G. and Wall, J.D. and Pritchard, J.K. and Patel, P.I.},
  title = {Using Population Mixtures to Optimize the Utility of Genomic
           Databases: Linkage Disequilibrium and Association Study Design in
           India},
  journal = {Ann Hum Genet},
  year = {2008},
  volume = {72},
  pages = {535-546},
  long_journal = {Annals of Human Genetics}
}
@ARTICLE{Rambaut1997,
  author = {Rambaut, A. and Grassly, N.C.},
  title = {Seq-Gen: An Application for the Monte Carlo Simulation of DNA
	Sequence Evolution along Phylogenetic Trees},
  journal = {Comput Appl Biosci},
  year = {1997},
  volume = {13},
  number = {3},
  pages = {235-238},
  long_journal = {Computer Applications In The Biosciences}
}
@ARTICLE{Rosenberg2002,
  author = {Rosenberg, N.A. and Pritchard, J.K. and Weber, J.L.},
  title = {Genetic Structure of Human Populations},
  journal = {Science},
  year = {2002},
  volume = {298},
  pages = {2381-2385},
  long_journal = {Science}
}
@ARTICLE{Shringarpure2009,
  author = {Shringarpure, S. and Xing, E.P.},
  title = {mStruct: Inference of Population Structure in Light of Both
           Genetic Admixing and Allele Mutations},
  journal = {Genetics},
  year = {2009},
  volume = {182},
  pages = {575-593},
  long_journal = {Genetics}
}
@ARTICLE{Tzeng2005,
  author = {Tzeng, J.-Y.},
  title = {Evolutionary-Based Grouping of Haplotypes in Association Analysis},
  journal = {Genet Epidemiol},
  year = {2005},
  volume = {28},
  pages = {220-231},
  long_journal = {Genetics Epidemiology}
}


